<?xml version="1.0" encoding="UTF-8"?><collection><record><leader>11694ntm a2200829 a 4500</leader><controlfield tag="001">006781824</controlfield><controlfield tag="003">MiAaHDL</controlfield><controlfield tag="005">20190719000000.0</controlfield><controlfield tag="006">m        d        </controlfield><controlfield tag="007">cr bn ---auaua</controlfield><controlfield tag="008">090518m18341859xx            00| ||ara d</controlfield><datafield tag="035" ind1=" " ind2=" "><subfield code="a">(MiU)006781824</subfield></datafield><datafield tag="035" ind1=" " ind2=" "><subfield code="a">sdr-miu006781824</subfield></datafield><datafield tag="040" ind1=" " ind2=" "><subfield code="a">MiU</subfield><subfield code="c">MiU</subfield><subfield code="e">amremm</subfield></datafield><datafield tag="043" ind1=" " ind2=" "><subfield code="a">n-us-mi</subfield></datafield><datafield tag="245" ind1="0" ind2="0"><subfield code="6">880-02</subfield><subfield code="a">[Majmūʻat rasāʼil,</subfield><subfield code="f">1250, i.e. 1834 and ca. 1275, i.e. 1859].</subfield></datafield><datafield tag="246" ind1="3" ind2=" "><subfield code="a">Majmūʻah</subfield></datafield><datafield tag="246" ind1="3" ind2=" "><subfield code="i">Title from inscription on opening flyleaf:</subfield><subfield code="a">مجموعة</subfield></datafield><datafield tag="260" ind1=" " ind2=" "><subfield code="c">[1834 and ca.1859].</subfield></datafield><datafield tag="300" ind1=" " ind2=" "><subfield code="a">178 leaves :</subfield><subfield code="b">paper ;</subfield><subfield code="c">300 x 220 (220 x 150) mm.</subfield></datafield><datafield tag="500" ind1=" " ind2=" "><subfield code="a">Shelfmark: Ann Arbor, University of Michigan, Special Collections Library, Isl. Ms. 507</subfield></datafield><datafield tag="500" ind1=" " ind2=" "><subfield code="a">Origin: As appears in colophon on p.189, opening work (Riyāḍ al-ṣāliḥīn) copied by Aḥmad ibn al-Ḥusayn ibn Aḥmad Ikhmayyis al-Yarzūtī with transcription completed 8 Rabīʿ I 1250 [ca. 15 July 1834]. The same copyist transcribed the following two works in this earlier section of the codex. As appears in colophon on p.223, transcription of Bushrá al-kaʼīb bi-liqāʼ al-ḥabīb (final page only) completed by ʻAbd al-ʻAzīz ibn Muḥsin [?] al-Ḍiʻāfī [?], presumably following his purchase of the opening section of the codex in Rajab 1275 [Febrary-March 1859] (as per the purchase statement on the 'title page' (p.1) for the opening work). This copyist likely transcribed the subsequent works in this later section of the codex.</subfield></datafield><datafield tag="500" ind1=" " ind2=" "><subfield code="a">Accompanying materials: a. Acquisitions slip from Yahuda -- b. Inventory cataloguing slips in hand of Winifred Smeaton Thomas.</subfield></datafield><datafield tag="500" ind1=" " ind2=" "><subfield code="a">Former shelfmark: From inscription on upper board lining "M. 44" (likely supplied by Yahuda, see acquisitions slip).</subfield></datafield><datafield tag="500" ind1=" " ind2=" "><subfield code="a">Binding: Pasteboards covered in dark red leather ; Type II binding (with flap) ; primaries are sewn through spine lining which extends onto interior of boards under paper hinges ; board linings in untinted paper ; upper and lower covers carry large blind-stamped central mandorla (filled with symmetrical vegetal decoration) set off by tooled rules and vertical horizontal pendants, as well as blind-tooled floral cornerpieces, rule borders, and interlace borders built up of a repeating samp ; design continues on flap ; sewing difficult to examine, now oversewn, tightly bound ; worked endbands, only primaries and tailband with exposed leather core remains ; overall in fairly good condition with some abrasion, lifting of leather, splitting of upper hinge, etc. ; repair (fill) to lower cover in similar leather.</subfield></datafield><datafield tag="500" ind1=" " ind2=" "><subfield code="a">Support: European machine laid and wove paper ; earlier section of codex (through p.222) chiefly in a machine laid type with chain lines (vertical) spaced roughly 27 mm. apart, "laid lines" in a very fine cross-hatch pattern, and watermarks of Fortune, i.e. figure standing on ball and holding banner aloft (see p.80, 84, etc.) and "THOMAS" (see p.82, 86, etc.) ; elsewhere in this section (p.1-78, 219-222) a laid paper with roughly 9-10 laid lines per cm. (horizontal), chain lines spaced 24-26 mm. apart (vertical), watermark difficult to make out (see p.18) and countermark of "M T" / "T M" (see p.4, 6, 26, etc.) ; later section of codex (from p.223 to close) in a dark cream wove paper ; some pigment burn on pp.325-340 ; flyleaves in another wove paper.</subfield></datafield><datafield tag="500" ind1=" " ind2=" "><subfield code="a">Decoration: Headings and keywords rubricated or in green ink (from p.173) ; textual dividers in the form of red discs ; some vocalization supplied in red ink.</subfield></datafield><datafield tag="500" ind1=" " ind2=" "><subfield code="a">Script: Maghribī ; two main hands ; earlier section of codex (through p.222) in a fine hand in a medium line, compact and mainly serifless with sweeping descenders, ascenders on ṭāʼ and ẓāʼ often inclined to the right, pointing in distinct dots ; later section (from p.223 to close) in an elegant hand in a thin to medium line, partially but some what irregularly seriffed with rightward serifs on free-standing alif, ṭāʼ, ẓāʼ, etc., dramatically sweeping curvilinear descenders, many ascenders inclined to the right, etc.</subfield></datafield><datafield tag="500" ind1=" " ind2=" "><subfield code="a">Layout: Written in 36 lines per page ; frame-ruled (impression of ruling board evident).</subfield></datafield><datafield tag="500" ind1=" " ind2=" "><subfield code="a">Collation: ii, 21 IV(168), IV+2 (178), ii ; almost exclusively quaternions ; catchwords present ; pagination in pencil, Western numerals, supplied during cataloguing.</subfield></datafield><datafield tag="500" ind1=" " ind2=" "><subfield code="a">Colophon: [Riyāḍ al-ṣāliḥīn] "Scribal," rectangular, reads "كمل الكتاب المبارك المسمى برياض الصالحين وتحفة المتقين نفعنا الله بمؤلفه وبما ذكر فيه امين يا رب العالمين على يد العبد المذنب الراجي عفو ربه وغفرانه احمد بن الحسين بن احمد اخميس اليرزوتي غفر الله له ولوالديه ولاشياخه ولاحبته ولمن له عليه الحق ولجميع المؤمنين والمؤمنات والمسلمين والمسلمات الاحياء منهم والاموات رب اغفر وارحم وانت خير الراحمين ولا حول ولا قوة الا بالله العلي العظيم وصلى الله على سيدنا ومولانا محمد واله وصحبه وسلم تسلميا وكان الفراغ منه يوم الاربعاء الثامن من شهر الله ربيع النبا وفي عام خمسين ومائتين والف وسلام على المرسلين والحمد لله رب العالمين" ; [Bushrá al-kaʼīb bi-liqāʼ al-ḥabīb] "Scribal," rectangular, reads "كمل الحديث بحمد الله تعالى وحسن عونه وتوفيقه الجميل على يد كاتبه العبد المذنب ... بذنبه عبد العزيز بن محسن [؟] الضعافي [؟] غفر الله له ولوالديه ولاشياخه وللمؤمنين والمؤمنات والمسلمين والمسلمات الاحياء منهم والاموات يا رب العالمين وكان الفراغ منه في احدى وعشرين في شهر الله شوال الافرد وابتداء الحديث ... ابو ليث نصر بن محمد بن ابراهيم بن الخطاب السمرقندي رحمه الله تعالى ورضي عنه امين يا رب العالمين في تاريخه عبد ربه تعالى عبد العزيز بن محسن ..."</subfield></datafield><datafield tag="500" ind1=" " ind2=" "><subfield code="a">Incipit: [Riyāḍ al-ṣāliḥīn] "الحمد لله ذي الجلال الكبير المتعال وصلى الله على محمد وعلى اله خير صحب وال الحمد لله الذي سقى اولياء من خالص كاس محبته ..." ; [al-Anwār al-muḍīʼah] "الحمد لله الذي نور قلوب اوليائه بانواره وجعلها معدن الحكمة ومحل اسراره ..." ; [Bushrá al-kaʼīb bi-liqāʼ al-ḥabīb] "الحمد لله وكفى وسلام على عباده الذين اصفطى وبعد هذا جزء سميته بشرى الكئيب بلقاء الحبيب لخصته من كتابي الكبير الذي الفته في احوال البزرخ قصرته على البشرى بما يلقاه المؤمن عند موته ..." ; [Tanbīh al-ghāfilīn] "الحمد لله الذي هدينا لكتابه وفضلنا على سائر الامم بكرم انبيائه محمد عليه الصلوة والسلام حمدا يستجاب بالمرجوب من رضاه ..."</subfield></datafield><datafield tag="500" ind1=" " ind2=" "><subfield code="a">Title supplied by cataloguer.</subfield></datafield><datafield tag="500" ind1=" " ind2=" "><subfield code="a">Ms. composite codex.</subfield></datafield><datafield tag="505" ind1="0" ind2=" "><subfield code="a">7. p.319-p.356 : Majmūʻ al-khiṭāb.</subfield></datafield><datafield tag="505" ind1="0" ind2=" "><subfield code="a">6. p.314-p.318 : [blank].</subfield></datafield><datafield tag="505" ind1="0" ind2=" "><subfield code="a">5. p.224-p.313 : [Tanbīh al-ghāfilīn] / Abū al-Layth Naṣr ibn Muḥammad al-Samarqandī.</subfield></datafield><datafield tag="505" ind1="0" ind2=" "><subfield code="a">4. p.205-p.223 : Bushrá al-kaʼīb bi-liqāʼ al-ḥabīb / [al-Suyūṭī].</subfield></datafield><datafield tag="505" ind1="0" ind2=" "><subfield code="a">3. p.190-p.205 : al-Anwār al-muḍīʼah al-jāmiʻ bayna al-sharīʻah wa-al-ḥaqīqah / ʻAbd al-Raḥmān ibn Muḥammad al-Thaʻālibī.</subfield></datafield><datafield tag="505" ind1="0" ind2=" "><subfield code="a">2. p.2-p.189 : Riyāḍ al-ṣāliḥīn wa-tuḥfat al-muttaqīn / ʻAbd al-Raḥmān ibn Muḥammad al-Thaʻālibī.</subfield></datafield><datafield tag="505" ind1="0" ind2=" "><subfield code="a">1. p.1 [originally left blank, now carries purchase statement, excerpts, etc.].</subfield></datafield><datafield tag="510" ind1="4" ind2=" "><subfield code="a">Brockelmann, C. GAL,</subfield><subfield code="c">I 196 no.9</subfield></datafield><datafield tag="510" ind1="4" ind2=" "><subfield code="a">Brockelmann, C. GAL,</subfield><subfield code="c">II 147 no.30a ; S II 182 30a</subfield></datafield><datafield tag="510" ind1="4" ind2=" "><subfield code="a">Brockelmann, C. GAL,</subfield><subfield code="c">II 249 5. no.5 ; S II 351</subfield></datafield><datafield tag="520" ind1="8" ind2=" "><subfield code="a">Fine, composite collection (majmūʻah) of works addressing theological topics with significance for religious practice from the life of the Prophet and various saints, including ʻAbd al-Raḥmān ibn Muḥammad al-Thaʻālibī's (d.1468) Riyāḍ al-ṣāliḥīn wa-tuḥfat al-muttaqīn and al-Anwār al-muḍīʼah al-jāmiʻ bayna al-sharīʻah wa-al-ḥaqīqah, al-Suyūṭī's (d.1505) Bushrá al-kaʼīb bi lughat al-ḥabīb, Abū al-Layth al-Samarqandī's (d.983?) Tanbīh al-ghāfilīn (incomplete), and a collection of sermons with excerpts of ḥadīth, etc. Contributions to the cataloguing from Elizabeth Kunze.</subfield></datafield><datafield tag="538" ind1=" " ind2=" "><subfield code="a">Mode of access: Internet.</subfield></datafield><datafield tag="541" ind1=" " ind2=" "><subfield code="a">Acquired in 1926 from the bookseller Isaac Benjamin S.E. Yahuda via purchase transacted on his behalf by Abraham Shalom Yahuda (1877-1951), his younger brother.</subfield></datafield><datafield tag="546" ind1=" " ind2=" "><subfield code="a">Arabic.</subfield></datafield><datafield tag="561" ind1=" " ind2=" "><subfield code="a">Contents listing and extent ("358 pp") in blue ink on opening flyleaf, presumably in hand of Yahuda ; on 'title page' (p.1), purchase statement (for this book) dated Rajab 1275 [February-March 1859] in name of ʻAbd al-ʻAzīz ibn Muḥsin [?], copyist of the works in the latter part of the codex ; glosses and marginal corrections.</subfield></datafield><datafield tag="600" ind1="0" ind2="0"><subfield code="a">Muḥammad,</subfield><subfield code="c">Prophet,</subfield><subfield code="d">-632</subfield><subfield code="v">Early works to 1800.</subfield></datafield><datafield tag="650" ind1=" " ind2="0"><subfield code="a">Manuscripts, Arabic</subfield><subfield code="z">Michigan</subfield><subfield code="z">Ann Arbor.</subfield></datafield><datafield tag="650" ind1=" " ind2="0"><subfield code="a">Islamic preaching.</subfield></datafield><datafield tag="650" ind1=" " ind2="0"><subfield code="a">Islamic homiletical illustrations.</subfield></datafield><datafield tag="650" ind1=" " ind2="0"><subfield code="a">Islamic sermons, Arabic.</subfield></datafield><datafield tag="650" ind1=" " ind2="0"><subfield code="a">Islam</subfield><subfield code="x">Customs and practices</subfield><subfield code="v">Early works to 1800.</subfield></datafield><datafield tag="650" ind1=" " ind2="0"><subfield code="a">Hadith</subfield><subfield code="x">Criticism, interpretation, etc.</subfield><subfield code="v">Early works to 1800.</subfield></datafield><datafield tag="650" ind1=" " ind2="0"><subfield code="a">Future life</subfield><subfield code="x">Islam</subfield><subfield code="v">Early works to 1800.</subfield></datafield><datafield tag="650" ind1=" " ind2="0"><subfield code="a">Death</subfield><subfield code="x">Religious aspects</subfield><subfield code="x">Islam</subfield><subfield code="v">Early works to 1800.</subfield></datafield><datafield tag="650" ind1=" " ind2="0"><subfield code="a">Islamic law</subfield><subfield code="v">Early works to 1800.</subfield></datafield><datafield tag="650" ind1=" " ind2="0"><subfield code="a">Islamic ethics</subfield><subfield code="v">Early works to 1800.</subfield></datafield><datafield tag="650" ind1=" " ind2="0"><subfield code="a">Sufism</subfield><subfield code="v">Early works to 1800.</subfield></datafield><datafield tag="700" ind1="0" ind2=" "><subfield code="6">880-08</subfield><subfield code="a">ʻAbd al-ʻAzīz ibn Muḥsin,</subfield><subfield code="d">fl. 1859,</subfield><subfield code="e">scribe,</subfield><subfield code="e">former owner.</subfield></datafield><datafield tag="700" ind1="0" ind2=" "><subfield code="6">880-07</subfield><subfield code="a">Aḥmad ibn al-Ḥusayn ibn Aḥmad Ikhmayyis al-Yarzūtī,</subfield><subfield code="d">fl. 1834,</subfield><subfield code="e">scribe.</subfield></datafield><datafield tag="700" ind1="1" ind2="2"><subfield code="6">880-05</subfield><subfield code="a">Abū al-Layth al-Samarqandī, Naṣr ibn Muḥammad,</subfield><subfield code="d">-983?</subfield><subfield code="t">Tanbīh al-ghāfilīn.</subfield></datafield><datafield tag="700" ind1="0" ind2="2"><subfield code="6">880-04</subfield><subfield code="a">Suyūṭī,</subfield><subfield code="d">1445-1505.</subfield><subfield code="t">Bushrá al-kaʼīb bi-liqāʼ al-ḥabīb.</subfield></datafield><datafield tag="700" ind1="1" ind2="2"><subfield code="6">880-03</subfield><subfield code="a">Thaʻālibī, ʻAbd al-Raḥmān,</subfield><subfield code="d">1383 or 1384-1470 or 1471.</subfield><subfield code="t">Anwār al-muḍīʼah.</subfield></datafield><datafield tag="700" ind1="1" ind2="2"><subfield code="6">880-09</subfield><subfield code="a">Thaʻālibī, ʻAbd al-Raḥmān,</subfield><subfield code="d">1383 or 1384-1470 or 1471.</subfield><subfield code="t">Riyāḍ al-ṣāliḥīn wa-tuḥfat al-muttaqīn.</subfield></datafield><datafield tag="773" ind1="0" ind2=" "><subfield code="a">Yahuda Collection.</subfield></datafield><datafield tag="880" ind1="0" ind2=" "><subfield code="6">700-08/</subfield><subfield code="a">عبد العزيز بن محسن،</subfield><subfield code="e">ناسخ،</subfield><subfield code="e">مالك سابق.</subfield></datafield><datafield tag="880" ind1="0" ind2=" "><subfield code="6">700-07/</subfield><subfield code="a">احمد بن الحسين بن احمد اخميس اليرزوتي،</subfield><subfield code="e">ناسخ.</subfield></datafield><datafield tag="880" ind1="1" ind2="2"><subfield code="6">700-05/</subfield><subfield code="a">ابو الليث السمرقندي، نصر بن محمد.</subfield><subfield code="t">تنبيه الغافلين.</subfield></datafield><datafield tag="880" ind1="0" ind2="2"><subfield code="6">700-04/</subfield><subfield code="a">سيوطي،</subfield><subfield code="t">بشرى الكئيب بلقاء الحبيب.</subfield></datafield><datafield tag="880" ind1="1" ind2="2"><subfield code="6">700-03/</subfield><subfield code="a">ثعالبي، عبد الرحمن.</subfield><subfield code="t">انوار المضيئة.</subfield></datafield><datafield tag="880" ind1="1" ind2="2"><subfield code="6">700-09/</subfield><subfield code="a">ثعالبي، عبد الرحمن.</subfield><subfield code="t">رياض الصالحين وتحفة المتقين.</subfield></datafield><datafield tag="880" ind1="0" ind2="0"><subfield code="6">245-02/</subfield><subfield code="a">[مجموعة رسائل,</subfield><subfield code="f">1250ه، 1834 و ح1275ه، 1859م].</subfield></datafield><datafield tag="CID" ind1=" " ind2=" "><subfield code="a">006781824</subfield></datafield><datafield tag="DAT" ind1="0" ind2=" "><subfield code="a">20190719102635.0</subfield><subfield code="b">20190719000000.0</subfield></datafield><datafield tag="DAT" ind1="1" ind2=" "><subfield code="a">20190719090653.0</subfield><subfield code="b">2019-07-19T16:11:28Z</subfield></datafield><datafield tag="DAT" ind1="2" ind2=" "><subfield code="a">2015-10-02T18:00:03Z</subfield></datafield><datafield tag="CAT" ind1=" " ind2=" "><subfield code="a">SDR-MIU</subfield><subfield code="d">EX LIBRIS - ALEPH</subfield><subfield code="l">prepare.pl-004-008</subfield></datafield><datafield tag="FMT" ind1=" " ind2=" "><subfield code="a">BK</subfield></datafield><datafield tag="HOL" ind1=" " ind2=" "><subfield code="0">sdr-miu006781824</subfield><subfield code="a">MiU</subfield><subfield code="b">SDR</subfield><subfield code="c">MIU</subfield><subfield code="p">mdp.39015079125772</subfield><subfield code="s">MIU</subfield><subfield code="1">006781824</subfield></datafield><datafield tag="974" ind1=" " ind2=" "><subfield code="b">MIU</subfield><subfield code="c">MIU</subfield><subfield code="d">20190719</subfield><subfield code="s">lit-dlps-dc</subfield><subfield code="u">mdp.39015079125772</subfield><subfield code="y">1859</subfield><subfield code="r">pd</subfield><subfield code="q">bib</subfield><subfield code="t">non-US bib date2, date type m &lt; 1879</subfield></datafield></record></collection>